@misc{wang2024yolov10realtimeendtoendobject,
      title={YOLOv10: Real-Time End-to-End Object Detection}, 
      author={Ao Wang and Hui Chen and Lihao Liu and Kai Chen and Zijia Lin and Jungong Han and Guiguang Ding},
      year={2024},
      eprint={2405.14458},
      archivePrefix={arXiv},
      primaryClass={cs.CV},
      url={https://arxiv.org/abs/2405.14458}, 
}

@misc{wang2024yolov9learningwantlearn,
      title={YOLOv9: Learning What You Want to Learn Using Programmable Gradient Information}, 
      author={Chien-Yao Wang and I-Hau Yeh and Hong-Yuan Mark Liao},
      year={2024},
      eprint={2402.13616},
      archivePrefix={arXiv},
      primaryClass={cs.CV},
      url={https://arxiv.org/abs/2402.13616}, 
}

@misc{ma2024era1bitllmslarge,
      title={The Era of 1-bit LLMs: All Large Language Models are in 1.58 Bits}, 
      author={Shuming Ma and Hongyu Wang and Lingxiao Ma and Lei Wang and Wenhui Wang and Shaohan Huang and Li Dong and Ruiping Wang and Jilong Xue and Furu Wei},
      year={2024},
      eprint={2402.17764},
      archivePrefix={arXiv},
      primaryClass={cs.CL},
      url={https://arxiv.org/abs/2402.17764}, 
}